<?xml version="1.0" encoding="UTF-8"?><collection xmlns="http://www.loc.gov/MARC21/slim"><record><leader>00609nam--2200193-i-4500</leader><controlfield tag="001">000025471</controlfield><controlfield tag="002">20161230</controlfield><controlfield tag="005">20161230201035</controlfield><controlfield tag="008">060222s1000------------r-----000-0-eng-d</controlfield><datafield ind1=" " ind2=" " tag="040"><subfield code="a">IFIN-HH</subfield></datafield><datafield ind1=" " ind2=" " tag="080"><subfield code="a">519.24:53:62</subfield></datafield><datafield ind1="1" ind2=" " tag="100"><subfield code="a">Johnson, Norman L</subfield></datafield><datafield ind1="1" ind2="0" tag="245"><subfield code="a">Statistics and experimental design</subfield><subfield code="b">In engineering and the physical sciences. volume i</subfield><subfield code="c">Norman l. johnson, fred c. leone</subfield></datafield><datafield ind1=" " ind2=" " tag="260"><subfield code="a">New York</subfield><subfield code="b">John Wiley &amp; Sons, Inc</subfield><subfield code="c">1964</subfield></datafield><datafield ind1=" " ind2=" " tag="300"><subfield code="a">XIV+523P</subfield></datafield><datafield ind1=" " ind2=" " tag="490"><subfield code="a">A Wiley Publication In Applied Statistics</subfield></datafield><datafield ind1="1" ind2=" " tag="700"><subfield code="a">Leone, Fred C</subfield></datafield><datafield ind1=" " ind2=" " tag="852"><subfield code="a">21899</subfield><subfield code="c">519.24</subfield></datafield><datafield ind1=" " ind2=" " tag="CAT"><subfield code="a">Sys</subfield><subfield code="c">20130802</subfield><subfield code="h">142916</subfield></datafield></record></collection>